@article{Casale2011ANetworks,
    title = {{A generalized method of moments for closed queueing networks}},
    year = {2011},
    journal = {Performance Evaluation},
    author = {Casale, Giuliano and {Giuliano}},
    number = {2},
    month = {2},
    pages = {180--200},
    volume = {68},
    publisher = {Elsevier Science Publishers B. V.},
    url = {http://linkinghub.elsevier.com/retrieve/pii/S0166531610001264},
    doi = {10.1016/j.peva.2010.08.026},
    issn = {01665316},
    keywords = {Computational algorithms, Method of moments, Queueing network models}
}

@article{Casale2011ANetworksb,
    title = {{A generalized method of moments for closed queueing networks}},
    year = {2011},
    journal = {Performance Evaluation},
    author = {Casale, Giuliano},
    number = {2},
    month = {2},
    pages = {180--200},
    volume = {68},
    url = {http://linkinghub.elsevier.com/retrieve/pii/S0166531610001264},
    doi = {10.1016/j.peva.2010.08.026},
    issn = {01665316}
}

@incollection{Schweitzer1993AQueues,
    title = {{A survey of bottleneck analysis in closed networks of queues}},
    year = {1993},
    booktitle = {Performance Evaluation of Computer and Communication Systems},
    author = {Schweitzer, P. J. and Serazzi, G. and Broglia, M.},
    pages = {491--508},
    publisher = {Springer-Verlag},
    url = {http://www.springerlink.com/index/10.1007/BFb0013865},
    address = {Berlin/Heidelberg},
    doi = {10.1007/BFb0013865}
}

@article{Casale2017AcceleratingMethods,
    title = {{Accelerating Performance Inference over Closed Systems by Asymptotic Methods}},
    year = {2017},
    journal = {Proceedings of the ACM on Measurement and Analysis of Computing Systems},
    author = {Casale, Giuliano and {Giuliano}},
    number = {1},
    month = {6},
    pages = {1--25},
    volume = {1},
    publisher = {ACM},
    url = {http://dl.acm.org/citation.cfm?doid=3107080.3084445},
    doi = {10.1145/3084445},
    issn = {24761249},
    keywords = {closed system, queueing theory, statistical inference}
}

@techreport{Chugh2012AlgorithmsAnalysis,
    title = {{Algorithms for System Performance Analysis}},
    year = {2012},
    author = {Chugh, Abhimanyu},
    url = {https://www.doc.ic.ac.uk/teaching/distinguished-projects/2012/a.chugh.pdf}
}

@inproceedings{Zahorjan1979AnNetworks,
    title = {{An exact solution method for the general class of closed separable queueing networks}},
    year = {1979},
    booktitle = {Proceedings of the 1979 ACM SIGMETRICS conference on Simulation, measurement and modeling of computer systems  - SIGMETRICS '79},
    author = {Zahorjan, John and {John} and {Zahorjan} and {John} and {Zahorjan} and {John}},
    number = {3},
    pages = {107--112},
    volume = {8},
    publisher = {ACM Press},
    url = {http://portal.acm.org/citation.cfm?doid=800188.805452},
    address = {New York, New York, USA},
    doi = {10.1145/800188.805452},
    issn = {0163-5999}
}

@article{Chow1983ApproximationsNetworks,
    title = {{Approximations for large scale closed queueing networks}},
    year = {1983},
    journal = {Performance Evaluation},
    author = {Chow, We-Min},
    number = {1},
    month = {2},
    pages = {1--12},
    volume = {3},
    publisher = {North-Holland},
    url = {https://www.sciencedirect.com/science/article/pii/0166531683900299},
    doi = {10.1016/0166-5316(83)90029-9},
    issn = {0166-5316}
}

@article{McKenna1984AsymptoticNetworks,
    title = {{Asymptotic Expansions and Integral Representations of Moments of Queue Lengths in Closed Markovian Networks}},
    year = {1984},
    journal = {Journal of the ACM},
    author = {McKenna, J. and Mitra, Debasis},
    number = {2},
    month = {3},
    pages = {346--360},
    volume = {31},
    publisher = {ACM},
    url = {http://portal.acm.org/citation.cfm?doid=62.322432},
    doi = {10.1145/62.322432},
    issn = {00045411}
}

@article{McKenna1984AsymptoticNetworksb,
    title = {{Asymptotic Expansions and Integral Representations of Moments of Queue Lengths in Closed Markovian Networks}},
    year = {1984},
    journal = {Journal of the ACM},
    author = {McKenna, J. and Mitra, Debasis},
    number = {2},
    month = {3},
    pages = {346--360},
    volume = {31},
    publisher = {ACM},
    url = {http://portal.acm.org/citation.cfm?doid=62.322432},
    doi = {10.1145/62.322432},
    issn = {00045411}
}

@article{Gordon1967ClosedServers,
    title = {{Closed Queuing Systems with Exponential Servers}},
    year = {1967},
    journal = {Operations Research},
    author = {Gordon, William J. and Newell, Gordon F.},
    number = {2},
    month = {4},
    pages = {254--265},
    volume = {15},
    publisher = {INFORMS},
    url = {http://pubsonline.informs.org/doi/abs/10.1287/opre.15.2.254},
    doi = {10.1287/opre.15.2.254},
    issn = {0030-364X}
}

@article{Casale2009CoMoM:Models,
    title = {{CoMoM: Efficient Class-Oriented Evaluation of Multiclass Performance Models}},
    year = {2009},
    journal = {IEEE Transactions on Software Engineering},
    author = {Casale, G.},
    number = {2},
    month = {3},
    pages = {162--177},
    volume = {35},
    url = {http://ieeexplore.ieee.org/document/4641939/},
    doi = {10.1109/TSE.2008.79},
    issn = {0098-5589}
}

@article{Buzen1973ComputationalServers,
    title = {{Computational algorithms for closed queueing networks with exponential servers}},
    year = {1973},
    journal = {Communications of the ACM},
    author = {Buzen, Jeffrey P. and P., Jeffrey},
    number = {9},
    month = {9},
    pages = {527--531},
    volume = {16},
    publisher = {ACM},
    url = {http://portal.acm.org/citation.cfm?doid=362342.362345},
    doi = {10.1145/362342.362345},
    issn = {00010782},
    keywords = {equilibrium distributions, queueing networks, queueing theory, steady state distribution}
}

@techreport{Makaronidis2010EfficientModels,
    title = {{Efficient Analysis of IT Sizing Models}},
    year = {2010},
    author = {Makaronidis, Michail A},
    url = {https://www.doc.ic.ac.uk/teaching/distinguished-projects/2010/m.makaronidis.pdf}
}

@article{Gould1978EulersPowers,
    title = {{Euler's formula nth Differences of Powers}},
    year = {1978},
    journal = {The American Mathematical Monthly},
    author = {Gould, H. W.},
    number = {6},
    month = {6},
    pages = {450},
    volume = {85},
    publisher = {Taylor {\&} Francis, Ltd.Mathematical Association of America},
    url = {https://www.jstor.org/stable/2320064?origin=crossref},
    doi = {10.2307/2320064},
    issn = {00029890}
}

@article{Casale2011ExactMoments,
    title = {{Exact analysis of performance models by the Method of Moments}},
    year = {2011},
    journal = {Performance Evaluation},
    author = {Casale, Giuliano},
    number = {6},
    month = {6},
    pages = {487--506},
    volume = {68},
    url = {http://linkinghub.elsevier.com/retrieve/pii/S0166531611000150},
    doi = {10.1016/j.peva.2010.12.009},
    issn = {01665316}
}

@techreport{Casale2018ExplicitRepresentations,
    title = {{Explicit solution for multiclass closed queueing networks and their integral representations}},
    year = {2018},
    author = {Casale, Giuliano},
    institution = {Imperial College London}
}

@article{Egozcue2003IsometricAnalysis,
    title = {{Isometric Logratio Transformations for Compositional Data Analysis}},
    year = {2003},
    journal = {Mathematical Geology},
    author = {Egozcue, J. J. and Pawlowsky-Glahn, V. and Mateu-Figueras, G. and Barcel{\'{o}}-Vidal, C.},
    number = {3},
    pages = {279--300},
    volume = {35},
    publisher = {Kluwer Academic Publishers-Plenum Publishers},
    url = {http://link.springer.com/10.1023/A:1023818214614},
    doi = {10.1023/A:1023818214614},
    issn = {08828121}
}

@misc{JavaJMT,
    title = {{Java Modelling Tools - Download JMT}},
    url = {http://jmt.sourceforge.net/Download.html}
}

@article{Jackson2004Jobshop-LikeSystems,
    title = {{Jobshop-Like Queueing Systems}},
    year = {2004},
    journal = {Management Science},
    author = {Jackson, James R.},
    number = {12{\_}supplement},
    month = {12},
    pages = {1796--1802},
    volume = {50},
    publisher = { INFORMS },
    url = {http://pubsonline.informs.org/doi/abs/10.1287/mnsc.1040.0268},
    doi = {10.1287/mnsc.1040.0268},
    issn = {0025-1909}
}

@article{Azevedo-Filho1994LaplacesVariables,
    title = {{Laplace's Method Approximations for Probabilistic Inference in Belief Networks with Continuous Variables}},
    year = {1994},
    journal = {Uncertainty Proceedings 1994},
    author = {Azevedo-Filho, Adriano and Shachter, Ross D.},
    month = {1},
    pages = {28--36},
    publisher = {Morgan Kaufmann},
    url = {https://www.sciencedirect.com/science/article/pii/B9781558603325500092},
    isbn = {9781558603325},
    doi = {10.1016/B978-1-55860-332-5.50009-2}
}

@article{Chandy1982Linearizer:Systems,
    title = {{Linearizer: a heuristic algorithm for queueing network models of computing systems}},
    year = {1982},
    journal = {Communications of the ACM},
    author = {Chandy, K. Mani and Neuse, Doug},
    number = {2},
    month = {2},
    pages = {126--134},
    volume = {25},
    publisher = {ACM},
    url = {http://portal.acm.org/citation.cfm?doid=358396.358403},
    doi = {10.1145/358396.358403},
    issn = {00010782},
    keywords = {closed queueing network, local balance queueing network, product-form queueing network}
}

@article{Reiser1980Mean-ValueNetworks,
    title = {{Mean-Value Analysis of Closed Multichain Queuing Networks}},
    year = {1980},
    journal = {Journal of the ACM},
    author = {Reiser, M. and Lavenberg, S. S.},
    number = {2},
    month = {4},
    pages = {313--322},
    volume = {27},
    publisher = {ACM},
    url = {http://portal.acm.org/citation.cfm?doid=322186.322195},
    doi = {10.1145/322186.322195},
    issn = {00045411}
}

@article{Caflisch1998MonteMethods,
    title = {{Monte Carlo and quasi-Monte Carlo methods}},
    year = {1998},
    journal = {Acta Numerica},
    author = {Caflisch, Russel E.},
    month = {1},
    pages = {1},
    volume = {7},
    publisher = {Cambridge University Press},
    url = {http://www.journals.cambridge.org/abstract_S0962492900002804},
    doi = {10.1017/S0962492900002804},
    issn = {0962-4929}
}

@article{Ross1994MonteNetworks,
    title = {{Monte Carlo summation and integration applied to multiclass queuing networks}},
    year = {1994},
    journal = {Journal of the ACM},
    author = {Ross, Keith W. and Tsang, Danny H. K. and Wang, Jie},
    number = {6},
    month = {11},
    pages = {1110--1135},
    volume = {41},
    publisher = {ACM},
    url = {http://portal.acm.org/citation.cfm?doid=195613.195630},
    doi = {10.1145/195613.195630},
    issn = {00045411},
    keywords = {gradient estimation, product-form queuing networks, variation reduction}
}

@book{Owen2009MonteExamples,
    title = {{Monte Carlo theory, Methods and Examples}},
    year = {2009},
    author = {Owen, Art},
    url = {http://statweb.stanford.edu/~owen/mc/}
}

@misc{MultidimensionalJSTOR,
    title = {{Multidimensional Residues, Generating Functions, and Their Application to Queueing Networks on JSTOR}},
    url = {https://www.jstor.org/stable/2133144?seq=1#metadata_info_tab_contents}
}

@book{Press2007NumericalComputing,
    title = {{Numerical recipes : the art of scientific computing}},
    year = {2007},
    author = {Press, William H.},
    pages = {1235},
    publisher = {Cambridge University Press},
    url = {https://books.google.co.uk/books?id=1aAOdzK3FegC&pg=PA411&lpg=PA411&dq=Numerical+recipes+in+C%2B%2B+importance+sampling&source=bl&ots=3kPlF7Ctih&sig=mH3aaMplIxQMjDhQhrW_ctMWlLU&hl=en&sa=X&ved=2ahUKEwip4YWjmIvdAhWFPFAKHRIUBDAQ6AEwAXoECAkQAQ#v=onepage&q=Numerical%20recipes%20in%20C%2B%2B%20importance%20sampling&f=false},
    isbn = {0521880688}
}

@article{Baskett1975OpenCustomers,
    title = {{Open, Closed, and Mixed Networks of Queues with Different Classes of Customers}},
    year = {1975},
    journal = {Journal of the ACM},
    author = {Baskett, Forest and Chandy, K. Mani and Muntz, Richard R. and Palacios, Fernando G.},
    number = {2},
    month = {4},
    pages = {248--260},
    volume = {22},
    publisher = {ACM},
    url = {http://portal.acm.org/citation.cfm?doid=321879.321887},
    doi = {10.1145/321879.321887},
    issn = {00045411}
}

@article{Chandy1977ProductNetworks,
    title = {{Product Form and Local Balance in Queueing Networks}},
    year = {1977},
    journal = {Journal of the ACM},
    author = {Chandy, K. Mani and Howard, John H. and Towsley, Donald F.},
    number = {2},
    month = {4},
    pages = {250--263},
    volume = {24},
    publisher = {ACM},
    url = {http://portal.acm.org/citation.cfm?doid=322003.322009},
    doi = {10.1145/322003.322009},
    issn = {00045411}
}

@techreport{BalsamoProductNetworks,
    title = {{Product Form Queueing Networks}},
    author = {Balsamo, S},
    url = {http://www.dsi.unive.it/~balsamo/pub/pfwhite99.pdf}
}

@book{Lazowska1984QuantitativeModels,
    title = {{Quantitative system performance : computer system analysis using queueing network models}},
    year = {1984},
    author = {Lazowska, Edward D. and Zahorjan, John and Graham, G. Scott and Sevcik, Kenneth C.},
    pages = {417},
    publisher = {Prentice-Hall},
    url = {https://dl.acm.org/citation.cfm?id=2971},
    isbn = {0137469756}
}

@book{Bolch2006QueueingApplications,
    title = {{Queueing networks and Markov chains : modeling and performance evaluation with computer science applications}},
    year = {2006},
    author = {Bolch, Gunter.},
    pages = {878},
    publisher = {Wiley-Interscience},
    url = {https://www.wiley.com/en-us/Queueing+Networks+and+Markov+Chains%3A+Modeling+and+Performance+Evaluation+with+Computer+Science+Applications%2C+2nd+Edition-p-9780471565253},
    isbn = {9780471565253}
}

@article{Reiser1975QueuingAlgorithms,
    title = {{Queuing Networks with Multiple Closed Chains: Theory and Computational Algorithms}},
    year = {1975},
    journal = {IBM Journal of Research and Development},
    author = {Reiser, M. and Kobayashi, H.},
    number = {3},
    month = {5},
    pages = {283--294},
    volume = {19},
    url = {http://ieeexplore.ieee.org/document/5391221/},
    doi = {10.1147/rd.193.0283},
    issn = {0018-8646}
}

@article{Conway1986RECAL---aNetworks,
    title = {{RECAL---a new efficient algorithm for the exact analysis of multiple-chain closed queuing networks}},
    year = {1986},
    journal = {Journal of the ACM},
    author = {Conway, A. E. and Georganas, N. D.},
    number = {4},
    month = {8},
    pages = {768--791},
    volume = {33},
    publisher = {ACM},
    url = {http://portal.acm.org/citation.cfm?doid=6490.6495},
    doi = {10.1145/6490.6495},
    issn = {00045411}
}

@article{Sevcik2002SolutionAlgorithm,
    title = {{Solution properties and convergence of an approximate mean value analysis algorithm}},
    year = {2002},
    journal = {ACM SIGMETRICS Performance Evaluation Review},
    author = {Sevcik, Kenneth C. and Wang, Hai},
    number = {4},
    month = {3},
    pages = {3},
    volume = {29},
    publisher = {ACM},
    url = {http://portal.acm.org/citation.cfm?doid=512840.512842},
    doi = {10.1145/512840.512842},
    issn = {01635999}
}

@article{Gordon1990TheNetworks,
    title = {{The Evaluation of Normalizing Constants in Closed Queueing Networks}},
    year = {1990},
    journal = {Operations Research},
    author = {Gordon, J. J. and J., J.},
    number = {5},
    month = {10},
    pages = {863--869},
    volume = {38},
    publisher = {INFORMS},
    url = {http://pubsonline.informs.org/doi/abs/10.1287/opre.38.5.863},
    doi = {10.1287/opre.38.5.863},
    issn = {0030-364X}
}

@misc{Aitchison1982TheData,
    title = {{The Statistical Analysis of Compositional Data}},
    year = {1982},
    booktitle = {Journal of the Royal Statistical Society. Series B (Methodological)},
    author = {Aitchison, J.},
    pages = {139--177},
    volume = {44},
    publisher = {WileyRoyal Statistical Society},
    url = {https://www.jstor.org/stable/2345821},
    doi = {10.2307/2345821}
}